<record><leader>00000cas a22000007a 4500</leader><controlfield tag="001">9690572</controlfield><controlfield tag="008">830711d19551987txudn ne      0   a0eng d</controlfield><datafield ind1=" " ind2=" " tag="010"><subfield code="a">sn 83004240 </subfield></datafield><datafield ind1=" " ind2=" " tag="040"><subfield code="a">NSD</subfield><subfield code="b">eng</subfield><subfield code="c">NSD</subfield><subfield code="d">DLC</subfield><subfield code="d">PPM</subfield><subfield code="d">NSD</subfield><subfield code="d">OCLCQ</subfield></datafield><datafield ind1=" " ind2=" " tag="012"><subfield code="j">0</subfield><subfield code="l">1</subfield><subfield code="m">d</subfield></datafield><datafield ind1="1" ind2=" " tag="022"><subfield code="a">0739-1285</subfield><subfield code="l">0739-1285</subfield><subfield code="2">1</subfield></datafield><datafield ind1="1" ind2=" " tag="029"><subfield code="a">AU@</subfield><subfield code="b">000025829638</subfield></datafield><datafield ind1=" " ind2=" " tag="037"><subfield code="b">Wichita Falls Times, P.O. Box 120, Wichita Falls, TX 76308</subfield></datafield><datafield ind1=" " ind2=" " tag="042"><subfield code="a">nsdp</subfield></datafield><datafield ind1="0" ind2="0" tag="050"><subfield code="a">Newspaper</subfield></datafield><datafield ind1=" " ind2="0" tag="222"><subfield code="a">Wichita Falls times</subfield></datafield><datafield ind1="0" ind2="0" tag="245"><subfield code="a">Wichita Falls times.</subfield></datafield><datafield ind1=" " ind2=" " tag="260"><subfield code="a">Wichita Falls, Tex. :</subfield><subfield code="b">Times Pub. Co.,</subfield><subfield code="c">1955-</subfield></datafield><datafield ind1=" " ind2=" " tag="300"><subfield code="a">v. :</subfield><subfield code="b">ill. ;</subfield><subfield code="c">58 cm.</subfield></datafield><datafield ind1=" " ind2=" " tag="310"><subfield code="a">Daily (except Sat. and certain holidays)</subfield></datafield><datafield ind1="0" ind2=" " tag="362"><subfield code="a">Vol. 49, no. 201 (Dec. 1, 1955)-</subfield></datafield><datafield ind1="1" ind2=" " tag="362"><subfield code="a">Ceased in 1987.</subfield></datafield><datafield ind1=" " ind2=" " tag="525"><subfield code="a">Has occasional supplements.</subfield></datafield><datafield ind1=" " ind2=" " tag="530"><subfield code="a">Also available on microfilm from Microfilm Center, Inc.</subfield></datafield><datafield ind1=" " ind2=" " tag="580"><subfield code="a">Merged with: Wichita Falls record news, to become: Times record news.</subfield></datafield><datafield ind1=" " ind2=" " tag="752"><subfield code="a">United States</subfield><subfield code="b">Texas</subfield><subfield code="c">Wichita</subfield><subfield code="d">Wichita Falls.</subfield></datafield><datafield ind1="0" ind2="0" tag="780"><subfield code="t">Wichita daily times (Wichita Falls, Tex. : 1907)</subfield><subfield code="w">(OCoLC)13695430</subfield></datafield><datafield ind1="1" ind2="7" tag="785"><subfield code="t">Wichita Falls record news</subfield><subfield code="x">0739-1293</subfield><subfield code="w">(DLC)sn 83004241</subfield></datafield><datafield ind1="1" ind2="7" tag="785"><subfield code="t">Times record news</subfield><subfield code="x">0895-6138</subfield><subfield code="w">(DLC)sn 87002450</subfield></datafield></record>